<?xml version="1.0"?>
<marc:collection xmlns:marc="http://www.loc.gov/MARC21/slim" xmlns:xsi="http://www.w3.org/2001/XMLSchema-instance" xsi:schemaLocation="http://www.loc.gov/MARC21/slim http://www.loc.gov/standards/marcxml/schema/MARC21slim.xsd">
   <marc:record type="Bibliographic">
      <marc:leader>00966cam a2200217 a 4500</marc:leader>
      <marc:controlfield tag="001">2768906</marc:controlfield>
      <marc:controlfield tag="003">NjP</marc:controlfield>
      <marc:controlfield tag="005">20100810140734.0</marc:controlfield>
      <marc:controlfield tag="008">941018s1930    ua bc         000 0darard</marc:controlfield>
      <marc:datafield tag="024" ind1="7" ind2=" ">
         <marc:subfield code="a">princeton_aco000148</marc:subfield>
         <marc:subfield code="2">local</marc:subfield>
      </marc:datafield>
      <marc:datafield tag="035" ind1=" " ind2=" ">
         <marc:subfield code="a">(OCoLC)ocm31305180</marc:subfield>
      </marc:datafield>
      <marc:datafield tag="035" ind1=" " ind2=" ">
         <marc:subfield code="9">CNG5325TS</marc:subfield>
      </marc:datafield>
      <marc:datafield tag="040" ind1=" " ind2=" ">
         <marc:subfield code="a">UUM</marc:subfield>
         <marc:subfield code="c">UUM</marc:subfield>
         <marc:subfield code="d">PUL</marc:subfield>
      </marc:datafield>
      <marc:datafield tag="100" ind1="1" ind2=" ">
         <marc:subfield code="a">Ibra&#x304;hi&#x304;m, &#x2BB;Abd al-Jawwa&#x304;d Sayyid.</marc:subfield>
      </marc:datafield>
      <marc:datafield tag="245" ind1="1" ind2="0">
         <marc:subfield code="a">Shadha&#x304; al-t&#x323;ayyib fi&#x304; dhikra&#x301; Abi&#x304; al-T&#x323;ayyib :</marc:subfield>
         <marc:subfield code="b">li-t&#x323;alabah al- sanah al-kha&#x304;misah al-tha&#x304;nawi&#x304;yah al-adabi&#x304;yah /</marc:subfield>
         <marc:subfield code="c">bi-qalam &#x2BB;Abd al-Jawwa&#x304;d ibn Sayyid Ibra&#x304;hi&#x304;m.</marc:subfield>
      </marc:datafield>
      <marc:datafield tag="250" ind1=" " ind2=" ">
         <marc:subfield code="a">al-T&#x323;ab&#x2BB;ah 1.</marc:subfield>
      </marc:datafield>
      <marc:datafield tag="260" ind1=" " ind2=" ">
         <marc:subfield code="a">[Egypt] :</marc:subfield>
         <marc:subfield code="b">&#x2BB;A. al-J. S. Ibra&#x304;hi&#x304;m,</marc:subfield>
         <marc:subfield code="c">1930</marc:subfield>
         <marc:subfield code="e">(Mis&#x323;r :</marc:subfield>
         <marc:subfield code="f">al- Mat&#x323;ba&#x2BB;ah al-Ahli&#x304;yah al-Kubra&#x301;)</marc:subfield>
      </marc:datafield>
      <marc:datafield tag="300" ind1=" " ind2=" ">
         <marc:subfield code="a">76 p., [1] folded leaf :</marc:subfield>
         <marc:subfield code="b">map, ports. ;</marc:subfield>
         <marc:subfield code="c">24 cm.</marc:subfield>
      </marc:datafield>
      <marc:datafield tag="500" ind1=" " ind2=" ">
         <marc:subfield code="a">In Arabic.</marc:subfield>
      </marc:datafield>
      <marc:datafield tag="600" ind1="1" ind2="0">
         <marc:subfield code="a">Mutanabbi&#x304;, Abu&#x304; al-T&#x323;ayyib Ah&#x323;mad ibn al-H&#x323;usayn,</marc:subfield>
         <marc:subfield code="d">915 or 16-965</marc:subfield>
         <marc:subfield code="x">Criticism and interpretation.</marc:subfield>
      </marc:datafield>
      <marc:datafield tag="852" ind1="0" ind2=" ">
         <marc:subfield code="b">nec</marc:subfield>
         <marc:subfield code="h">PJ7750.M8</marc:subfield>
         <marc:subfield code="i">Z673 1930</marc:subfield>
         <marc:subfield code="p">3079735</marc:subfield>
         <marc:subfield code="x">reclassed from: 2272.695.7416</marc:subfield>
      </marc:datafield>
      <marc:datafield tag="945" ind1=" " ind2=" ">
         <marc:subfield code="a">F</marc:subfield>
         <marc:subfield code="b">1</marc:subfield>
         <marc:subfield code="c">2272.695.7416</marc:subfield>
      </marc:datafield>
      <marc:datafield tag="911" ind1=" " ind2=" ">
         <marc:subfield code="a">20000130</marc:subfield>
      </marc:datafield>
   </marc:record>
</marc:collection>
